% Encoding: UTF-8

@Book{Birdsall1991,
  author    = {Birdsall, C. K. and Langdon, A. B.},
  date      = {1991},
  title     = {Plasma physics via computer simulation},
  isbn      = {0070053715},
  location  = {New York},
  pages     = {77-82},
  publisher = {Adam Hilger},
}

@Online{velocityintegration,
  date         = {2011-07-10},
  title        = {Leapfrog Particle Push (Velocity Integration)},
  url          = {https://www.particleincell.com/2011/velocity-integration/},
  organization = {Particle In Cell Consulting},
  urldate      = {2022-04-02},
}

@Online{vxbrotation,
  date         = {2011-07-10},
  title        = {Particle Push in Magnetic Field (Boris Method)},
  url          = {https://www.particleincell.com/2011/vxb-rotation/},
  organization = {Particle In Cell Consulting},
  urldate      = {2022-04-02},
}

@Comment{jabref-meta: databaseType:biblatex;}
